<?xml version = "1.0" encoding = "UTF-8"?><OAI-PMH xmlns="http://www.openarchives.org/OAI/2.0/" xmlns:xsi="http://www.w3.org/2001/XMLSchema-instance" xsi:schemaLocation="http://www.openarchives.org/OAI/2.0/ http://www.openarchives.org/OAI/2.0/OAI-PMH.xsd"><ListRecords><record><header><identifier>aleph-publish:007542993</identifier></header><metadata><record xmlns="http://www.ddb.de/professionell/mabxml/mabxml-1.xsd"><leader>00494vM2.01200024------h</leader><controlfield tag="LDR">00494vM2.01200024------h</controlfield><controlfield tag="FMT">MH</controlfield><datafield tag="001" ind1="-" ind2="1"><subfield code="a">HT000944190</subfield></datafield><datafield tag="002" ind1="a" ind2="1"><subfield code="a">19981024</subfield></datafield><datafield tag="003" ind1="-" ind2="1"><subfield code="a">20210111</subfield></datafield><datafield tag="025" ind1="o" ind2="1"><subfield code="a">1067460009</subfield></datafield><datafield tag="026" ind1="-" ind2="1"><subfield code="a">HBZHT000944190</subfield></datafield><controlfield tag="030">a|1uc||||||17</controlfield><datafield tag="036" ind1="a" ind2="1"><subfield code="a">DXDE</subfield></datafield><datafield tag="037" ind1="b" ind2="1"><subfield code="a">ger</subfield></datafield><controlfield tag="050">a|||||||||||||</controlfield><controlfield tag="051">s|||||||</controlfield><datafield tag="070" ind1="-" ind2="1"><subfield code="a">294</subfield></datafield><datafield tag="070" ind1="b" ind2="1"><subfield code="a">61</subfield></datafield><datafield tag="080" ind1="-" ind2="1"><subfield code="a">60</subfield></datafield><datafield tag="100" ind1="-" ind2="1"><subfield code="p">Lehmann, Paul</subfield><subfield code="d">1884-1964</subfield><subfield code="9">(DE-588)116871466</subfield></datafield><datafield tag="331" ind1="-" ind2="1"><subfield code="a">&lt;&lt;Die&gt;&gt; mittelalterliche Dombibliothek zu Speyer</subfield></datafield><datafield tag="359" ind1="-" ind2="1"><subfield code="a">von Paul Lehmann</subfield></datafield><datafield tag="410" ind1="-" ind2="1"><subfield code="a">München</subfield></datafield><datafield tag="412" ind1="-" ind2="1"><subfield code="a">Verl. d. Bayer. Akad. d. Wissenschaften</subfield></datafield><datafield tag="425" ind1="a" ind2="1"><subfield code="a">1934</subfield></datafield><datafield tag="433" ind1="-" ind2="1"><subfield code="a">64 S.</subfield></datafield><datafield tag="451" ind1="-" ind2="1"><subfield code="a">Sitzungsberichte der Bayerischen Akademie der Wissenschaften, Philosophisch-Historische Abteilung ; 1934, H. 4</subfield></datafield><datafield tag="453" ind1="-" ind2="1"><subfield code="a">HT003004165</subfield></datafield><datafield tag="455" ind1="-" ind2="1"><subfield code="a">1934,4</subfield></datafield><datafield tag="456" ind1="-" ind2="1"><subfield code="a">1934,4</subfield></datafield><controlfield tag="SYS">007542993</controlfield><datafield tag="LOW" ind1="-" ind2="1"><subfield code="a">K5001</subfield></datafield><datafield tag="LOW" ind1="-" ind2="1"><subfield code="a">B2001</subfield></datafield><datafield tag="LOW" ind1="-" ind2="1"><subfield code="a">K0001</subfield></datafield><datafield tag="LOW" ind1="-" ind2="1"><subfield code="a">R0003</subfield></datafield><datafield tag="LOW" ind1="-" ind2="1"><subfield code="a">B0001</subfield></datafield><datafield tag="LOW" ind1="-" ind2="1"><subfield code="a">Q1064</subfield></datafield><datafield tag="LOW" ind1="-" ind2="1"><subfield code="a">Q1004</subfield></datafield><datafield tag="LOW" ind1="-" ind2="1"><subfield code="a">B4011</subfield></datafield><datafield tag="LOW" ind1="-" ind2="1"><subfield code="a">K1131</subfield></datafield><datafield tag="LOW" ind1="-" ind2="1"><subfield code="a">K1133</subfield></datafield><datafield tag="LOW" ind1="-" ind2="1"><subfield code="a">K1167</subfield></datafield><datafield tag="088" ind1=" " ind2=" "><subfield code="a">38/434</subfield><subfield code="b">00434001</subfield><subfield code="c">434/Ab955</subfield><subfield code="e">keine ILL</subfield></datafield><datafield tag="088" ind1=" " ind2=" "><subfield code="a">38/432</subfield><subfield code="b">00432001</subfield><subfield code="c">432/A8a/930-1934,4</subfield><subfield code="e">keine ILL</subfield></datafield><datafield tag="088" ind1=" " ind2=" "><subfield code="a">107</subfield><subfield code="b">00001000</subfield><subfield code="c">G 32.89/1934,4</subfield><subfield code="e">ILL Ausleihe</subfield></datafield><datafield tag="088" ind1=" " ind2=" "><subfield code="a">107</subfield><subfield code="b">00001000</subfield><subfield code="c">Per. 2968/1934,4</subfield><subfield code="e">ILL Ausleihe</subfield></datafield><datafield tag="088" ind1=" " ind2=" "><subfield code="a">5/20</subfield><subfield code="b">00053001</subfield><subfield code="c">Be 180</subfield><subfield code="e">keine ILL</subfield></datafield><datafield tag="088" ind1=" " ind2=" "><subfield code="a">294</subfield><subfield code="b">00000032</subfield><subfield code="c">ZGA19-1934,1</subfield><subfield code="e">keine ILL</subfield></datafield><datafield tag="088" ind1=" " ind2=" "><subfield code="a">832</subfield><subfield code="b">00003000</subfield><subfield code="c">BDDS1079</subfield><subfield code="e">ILL Ausleihe</subfield></datafield><datafield tag="088" ind1=" " ind2=" "><subfield code="a">294/11</subfield><subfield code="b">00011000</subfield><subfield code="c">Ci 20.05.03/8</subfield><subfield code="e">keine ILL</subfield></datafield><datafield tag="088" ind1=" " ind2=" "><subfield code="a">5/108</subfield><subfield code="b">00010001</subfield><subfield code="c">BO 4075 S752</subfield><subfield code="e">keine ILL</subfield></datafield><datafield tag="088" ind1=" " ind2=" "><subfield code="a">294/23</subfield><subfield code="b">00023000</subfield><subfield code="c">I b 11</subfield><subfield code="e">keine ILL</subfield></datafield><datafield tag="088" ind1=" " ind2=" "><subfield code="a">Tr 2</subfield><subfield code="b">M</subfield><subfield code="c">U 391</subfield><subfield code="e">ausleihbar</subfield></datafield><datafield tag="088" ind1=" " ind2=" "><subfield code="a">6/246</subfield><subfield code="c">HsBu 1598</subfield><subfield code="e">keine Angabe</subfield></datafield><datafield tag="088" ind1=" " ind2=" "><subfield code="a">6/020</subfield><subfield code="c">BG 511</subfield><subfield code="e">keine Angabe</subfield></datafield><datafield tag="088" ind1=" " ind2=" "><subfield code="a">6</subfield><subfield code="c">Z 430-1934</subfield><subfield code="e">keine Angabe</subfield></datafield><datafield tag="088" ind1=" " ind2=" "><subfield code="a">385</subfield><subfield code="c">a4117-1934,3/11</subfield><subfield code="e">Keine Angabe</subfield></datafield><datafield tag="088" ind1=" " ind2=" "><subfield code="a">361</subfield><subfield code="b">99_TE</subfield><subfield code="c">AC005+MU948 S6P5[1934</subfield><subfield code="e">ILL Kopie+Ausl.</subfield></datafield><datafield tag="088" ind1=" " ind2=" "><subfield code="a">61/NT</subfield></datafield><datafield tag="088" ind1=" " ind2=" "><subfield code="a">466/PT</subfield></datafield><datafield tag="088" ind1=" " ind2=" "><subfield code="a">38</subfield></datafield><datafield tag="088" ind1=" " ind2=" "><subfield code="a">211</subfield></datafield><datafield tag="088" ind1=" " ind2=" "><subfield code="a">467/NT</subfield></datafield><datafield tag="088" ind1=" " ind2=" "><subfield code="a">38/461</subfield></datafield></record></metadata></record></ListRecords></OAI-PMH>